
@BOOK{mckibben_tondu,
  title = {Modeling and Control of McKibben Artificial Muscle Robot Actuators},
  publisher = {IEEE Control Systems Magazine},
  year = {2000},
  author = {Bertrand Tondu, Pierre Lopez}
}
